<?xml version="1.0" encoding="utf-8"?>
<record xmlns="http://www.loc.gov/MARC21/slim" xmlns:xsi="http://www.w3.org/2001/XMLSchema-instance" xsi:schemaLocation="http://www.loc.gov/MARC21/slim http://www.loc.gov/standards/marcxml/schema/MARC21slim.xsd">
	<leader>     nam a22     Mi 4500</leader>
	<controlfield tag="001">241034</controlfield>
	<controlfield tag="003">NjP</controlfield>
	<controlfield tag="006">m        d        </controlfield>
	<controlfield tag="007">cr cn |||m|||a</controlfield>
	<controlfield tag="008">200505m19709999ir      o     000 0 ara d</controlfield>
	<datafield ind1=" " ind2=" " tag="040">
		<subfield code="a">ZYU</subfield>
		<subfield code="b">ara</subfield>
		<subfield code="e">rda</subfield>
		<subfield code="c">ZYU</subfield>
	</datafield>
	<datafield ind1="1" ind2=" " tag="100">
		<subfield code="6">880-01</subfield>
		<subfield code="a">Tustarī, Muḥammad Taqī.</subfield>
	</datafield>
	<datafield ind1="1" ind2="0" tag="245">
		<subfield code="6">880-02</subfield>
		<subfield code="a">Bahj al-ṣibāghah fī sharḥ Nahj al-balāghah.</subfield>
	</datafield>
	<datafield ind1=" " ind2=" " tag="260">
		<subfield code="6">880-03</subfield>
		<subfield code="a">Ṭihrān :</subfield>
		<subfield code="b">Maktabat al-Ṣadr,</subfield>
		<subfield code="c">1390- [1970 or 1971]-</subfield>
	</datafield>
	<datafield ind1=" " ind2=" " tag="300">
		<subfield code="a">online resource (volumes)</subfield>
	</datafield>
	<datafield ind1=" " ind2=" " tag="336">
		<subfield code="a">text</subfield>
		<subfield code="2">rdacontent</subfield>
	</datafield>
	<datafield ind1=" " ind2=" " tag="337">
		<subfield code="a">computer</subfield>
		<subfield code="2">rdamedia</subfield>
	</datafield>
	<datafield ind1=" " ind2=" " tag="338">
		<subfield code="a">online resource</subfield>
		<subfield code="2">rdacarrier</subfield>
	</datafield>
	<datafield ind1=" " ind2=" " tag="500">
		<subfield code="a">Part of the Arabic Collections Online (ACO) project, contributed by Princeton University Libraries.</subfield>
	</datafield>
	<datafield ind1=" " ind2=" " tag="533">
		<subfield code="a">Electronic reproduction.</subfield>
		<subfield code="b">New York, N.Y. :</subfield>
		<subfield code="c">New York University,</subfield>
		<subfield code="d">2020.</subfield>
		<subfield code="5">NNU</subfield>
	</datafield>
	<datafield ind1="0" ind2="0" tag="600">
		<subfield code="a">ʻAlī ibn Abī Ṭālib,</subfield>
		<subfield code="c">Caliph,</subfield>
		<subfield code="d">approximately 600-661.</subfield>
		<subfield code="t">Nahj al-balāghah.</subfield>
	</datafield>
	<datafield ind1="2" ind2=" " tag="710">
		<subfield code="a">Princeton University.</subfield>
		<subfield code="b">Library.</subfield>
	</datafield>
	<datafield ind1="0" ind2=" " tag="730">
		<subfield code="a">Arabic Collections Online.</subfield>
	</datafield>
	<datafield ind1="0" ind2="8" tag="776">
		<subfield code="i">Print version:</subfield>
		<subfield code="a">Tustarī, Muḥammad Taqī.</subfield>
		<subfield code="t">Bahj al-ṣibāghah fī sharḥ Nahj al-balāghah</subfield>
		<subfield code="w">(NjP)241034</subfield>
		<subfield code="w">(OCoLC)82635587</subfield>
	</datafield>
	<datafield ind1="4" ind2="0" tag="856">
		<subfield code="u">http://hdl.handle.net/2333.1/mgqnkm01</subfield>
	</datafield>
	<datafield ind1="1" ind2=" " tag="880">
		<subfield code="6">100-01</subfield>
		<subfield code="a">تستري، محمد تقي.</subfield>
	</datafield>
	<datafield ind1="1" ind2="0" tag="880">
		<subfield code="6">245-02</subfield>
		<subfield code="a">بهج الصباغة في شرح نهج البلاغة.</subfield>
	</datafield>
	<datafield ind1=" " ind2=" " tag="880">
		<subfield code="6">260-03</subfield>
		<subfield code="a">طهران :</subfield>
		<subfield code="b">مكتبة الصدر،</subfield>
		<subfield code="c">1390- [1970 or 1971]-</subfield>
	</datafield>
	<datafield ind1=" " ind2=" " tag="959">
		<subfield code="a">NNU</subfield>
		<subfield code="b">WEB</subfield>
		<subfield code="c">GENI</subfield>
		<subfield code="t">0</subfield>
		<subfield code="m">Electronic access</subfield>
		<subfield code="s">01</subfield>
	</datafield>
	<datafield ind1=" " ind2=" " tag="999">
		<subfield code="i">NjP_241034</subfield>
		<subfield code="o">(OCoLC)ocm82635587</subfield>
		<subfield code="s">princeton_aco004113:juz 1</subfield>
		<subfield code="s">princeton_aco004116:juz 2</subfield>
		<subfield code="s">princeton_aco004105:juz 4</subfield>
		<subfield code="s">princeton_aco004104:juz 5</subfield>
		<subfield code="s">princeton_aco004106:juz 6</subfield>
		<subfield code="s">princeton_aco004111:juz 7</subfield>
		<subfield code="s">princeton_aco004126:juz 8</subfield>
		<subfield code="s">princeton_aco004107:juz 9</subfield>
		<subfield code="s">princeton_aco004108:juz 10</subfield>
		<subfield code="s">princeton_aco004109:juz 11</subfield>
		<subfield code="s">princeton_aco004110:juz 12</subfield>
		<subfield code="s">princeton_aco004101:juz 13</subfield>
		<subfield code="s">princeton_aco004100:juz 14</subfield>
		<subfield code="e">(ERROR-MISC)</subfield>
		<subfield code="s">princeton_aco004113:juz 1</subfield>
		<subfield code="s">princeton_aco004116:juz 2</subfield>
		<subfield code="s">princeton_aco004105:juz 4</subfield>
		<subfield code="s">princeton_aco004104:juz 5</subfield>
		<subfield code="s">princeton_aco004106:juz 6</subfield>
		<subfield code="s">princeton_aco004111:juz 7</subfield>
		<subfield code="s">princeton_aco004126:juz 8</subfield>
		<subfield code="s">princeton_aco004107:juz 9</subfield>
		<subfield code="s">princeton_aco004108:juz 10</subfield>
		<subfield code="s">princeton_aco004109:juz 11</subfield>
		<subfield code="s">princeton_aco004110:juz 12</subfield>
		<subfield code="s">princeton_aco004101:juz 13</subfield>
		<subfield code="s">princeton_aco004100:juz 14</subfield>
	</datafield>
</record>
